<?xml version="1.0" encoding="UTF-8"?><collection xmlns="http://www.loc.gov/MARC21/slim"><record><leader>00346nam--2200133-i-4500</leader><controlfield tag="001">000049991</controlfield><controlfield tag="002">20161230</controlfield><controlfield tag="005">20161230201047</controlfield><controlfield tag="008">060222s1000------------r-----000-0-eng-d</controlfield><datafield ind1=" " ind2=" " tag="080"><subfield code="a">681.3</subfield></datafield><datafield ind1=" " ind2=" " tag="100"><subfield code="a">Achasova, S. M</subfield></datafield><datafield ind1=" " ind2=" " tag="245"><subfield code="a">Algoritmy sinteza avtomatov na programmiruemyh matricah</subfield></datafield><datafield ind1=" " ind2=" " tag="260"><subfield code="a">Moskva, Radio I Sviaz, 1987, 134s</subfield></datafield><datafield ind1=" " ind2=" " tag="852"><subfield code="a">74911</subfield></datafield></record></collection>